@inproceedings{logp,
 author = {Martin, Richard P. and Vahdat, Amin M. and Culler, David E. and Anderson, Thomas E.},
 title = {{Effects of Communication Latency, Overhead, and Bandwidth in a Cluster Architecture}},
 booktitle = {Proceedings of the 24th Annual International Symposium on Computer Architecture},
 series = {ISCA '97},
 year = {1997},
 isbn = {0-89791-901-7},
 location = {Denver, Colorado, USA},
 pages = {85--97},
 numpages = {13},
 url = {http://doi.acm.org/10.1145/264107.264146},
 doi = {10.1145/264107.264146},
 acmid = {264146},
 publisher = {ACM},
 address = {New York, NY, USA},
} 

@Misc{cassandra,
    author = "{Apache}",
    howpublished = "\url{http://cassandra.apache.org/}",
    title = "{Cassandra}",
}


@INPROCEEDINGS{cloudperf, 
author={D. Z. Tootaghaj and F. Farhat and M. Arjomand and P. Faraboschi and M. T. Kandemir and A. Sivasubramaniam and C. R. Das}, 
booktitle={2015 IEEE International Symposium on Workload Characterization}, 
title={{Evaluating the Combined Impact of Node Architecture and Cloud Workload Characteristics on Network Traffic and Performance/Cost}}, 
year={2015}, 
pages={203-212}, 
keywords={cloud computing;computer centres;computer network performance evaluation;multiprocessing systems;cloud resources;cloud workload characteristics;full-system datacenter simulation infrastructure;hardware architectural metrics;inter-node communication overhead;message inter-arrival times;network cost;network performance;node architecture;off-chip network traffic;packet-size distributions;traffic volume;Bandwidth;Benchmark testing;Computer architecture;Hardware;Integrated circuits;Measurement;Servers;Performance/Cost analysis;Workload characteristics}, 
doi={10.1109/IISWC.2015.31}, 
month={Oct},}

@inproceedings{lowlatency,
 author = {Rumble, Stephen M. and Ongaro, Diego and Stutsman, Ryan and Rosenblum, Mendel and Ousterhout, John K.},
 title = {{It's Time for Low Latency}},
 booktitle = {Proceedings of the 13th USENIX Conference on Hot Topics in Operating Systems},
 series = {HotOS'13},
 year = {2011},
 location = {Napa, California},
 pages = {11--11},
 numpages = {1},
 url = {http://dl.acm.org/citation.cfm?id=1991596.1991611},
 acmid = {1991611},
 publisher = {USENIX Association},
 address = {Berkeley, CA, USA},
} 